@online{pycl,
author = {Andrei Novikov},
title = {pyclustering 0.6.6},
year = {2017},
url = {https://pypi.python.org/pypi/pyclustering},
OPTsubtitle = {•},
OPTtitleaddon = {•},
OPTlanguage = {•},
OPTversion = {•},
OPTnote = {•},
OPTorganization = {•},
OPTdate = {•},
OPTmonth = {•},
OPTaddendum = {•},
OPTpubstate = {•},
urldate = {2017-04-30},
}

@thesis{bir,
author = {Sascha Seefelder},
title = {Thermografische Erkennung von Hydrauliklecks},
type = {Bachelor},
institution = {University of Applied Sciences Ulm},
year = {2016},
OPTsubtitle = {•},
OPTtitleaddon = {•},
OPTlanguage = {•},
OPTnote = {•},
OPTlocation = {•},
OPTmonth = {•},
OPTisbn = {•},
OPTchapter = {•},
OPTpages = {•},
OPTpagetotal = {•},
OPTaddendum = {•},
OPTpubstate = {•},
OPTdoi = {•},
OPTeprint = {•},
OPTeprintclass = {•},
OPTeprinttype = {•},
OPTurl = {•},
OPTurldate = {•},
}

@article{spata,
 author = {Brinkhoff, Thomas and Kriegel, Hans-Peter and Schneider, Ralf and Seeger, Bernhard},
 title = {Multi-step Processing of Spatial Joins},
 journal = {SIGMOD Rec.},
 issue_date = {June 1994},
 volume = {23},
 number = {2},
 month = may,
 year = {1994},
 issn = {0163-5808},
 pages = {197--208},
 numpages = {12},
 url = {http://doi.acm.org/10.1145/191843.191880},
 doi = {10.1145/191843.191880},
 acmid = {191880},
 publisher = {ACM},
 address = {New York, NY, USA},
} 


